<record><leader>00000cas a22000007a 4500</leader><controlfield tag="001">11166068</controlfield><controlfield tag="008">840918d18701939inuwr ne      0    0eng d</controlfield><datafield ind1=" " ind2=" " tag="010"><subfield code="a">sn 84037955 </subfield></datafield><datafield ind1=" " ind2=" " tag="040"><subfield code="a">NPX</subfield><subfield code="b">eng</subfield><subfield code="c">NPX</subfield><subfield code="d">NPU</subfield><subfield code="d">NPI</subfield><subfield code="d">MGN</subfield><subfield code="d">NVF</subfield><subfield code="d">OCLCQ</subfield><subfield code="d">OCLCF</subfield><subfield code="d">OCLCO</subfield></datafield><datafield ind1="1" ind2=" " tag="029"><subfield code="a">AU@</subfield><subfield code="b">000020340415</subfield></datafield><datafield ind1=" " ind2=" " tag="042"><subfield code="a">msc</subfield></datafield><datafield ind1=" " ind2=" " tag="043"><subfield code="a">n-us-in</subfield></datafield><datafield ind1="0" ind2=" " tag="130"><subfield code="a">Monticello herald (Monticello, Ind. : 1870)</subfield></datafield><datafield ind1="1" ind2="4" tag="245"><subfield code="a">The Monticello herald.</subfield></datafield><datafield ind1=" " ind2=" " tag="260"><subfield code="a">Monticello, Ind. :</subfield><subfield code="b">S.P. Conner and W.J. Huff,</subfield><subfield code="c">-1939.</subfield></datafield><datafield ind1=" " ind2=" " tag="300"><subfield code="a">v. ;</subfield><subfield code="c">66 cm.</subfield></datafield><datafield ind1=" " ind2=" " tag="310"><subfield code="a">Weekly</subfield></datafield><datafield ind1="1" ind2=" " tag="362"><subfield code="a">Began in June 1870.</subfield></datafield><datafield ind1="0" ind2=" " tag="362"><subfield code="a">-v. 76, no. 28 (July 13, 1939).</subfield></datafield><datafield ind1=" " ind2=" " tag="588"><subfield code="a">Description based on: Vol. 9, no. 1 (July 7, 1870).</subfield></datafield><datafield ind1=" " ind2="0" tag="651"><subfield code="a">Monticello (Ind.)</subfield><subfield code="v">Newspapers.</subfield></datafield><datafield ind1=" " ind2="7" tag="655"><subfield code="a">Newspapers.</subfield><subfield code="2">fast</subfield><subfield code="0">(OCoLC)fst01423814</subfield></datafield><datafield ind1=" " ind2="7" tag="651"><subfield code="a">Indiana</subfield><subfield code="z">Monticello.</subfield><subfield code="2">fast</subfield><subfield code="0">(OCoLC)fst01238719</subfield></datafield><datafield ind1=" " ind2=" " tag="752"><subfield code="a">United States</subfield><subfield code="b">Indiana</subfield><subfield code="c">White</subfield><subfield code="d">Monticello.</subfield></datafield><datafield ind1="0" ind2="0" tag="780"><subfield code="t">Monticello weekly herald</subfield><subfield code="w">(DLC)sn 87055296</subfield></datafield><datafield ind1="0" ind2="7" tag="785"><subfield code="t">Monticello journal</subfield><subfield code="w">(DLC)sn 87055296</subfield></datafield><datafield ind1="0" ind2="7" tag="785"><subfield code="t">Monticello herald-journal</subfield><subfield code="w">(DLC)sn 84045456</subfield></datafield></record>